<?xml version="1.0" encoding="UTF-8"?><collection xmlns="http://www.loc.gov/MARC21/slim"><record><leader>00445nam--2200133-i-4500</leader><controlfield tag="001">000042196</controlfield><controlfield tag="002">20161230</controlfield><controlfield tag="005">20161230201043</controlfield><controlfield tag="008">060222s1000------------r-----000-0-eng-d</controlfield><datafield ind1=" " ind2=" " tag="080"><subfield code="a">621.039:621.311.2</subfield></datafield><datafield ind1=" " ind2=" " tag="245"><subfield code="a">Solutii tehnice folosite in centralele nuclearoelectrice cu reactoare cu apa gra</subfield></datafield><datafield ind1=" " ind2=" " tag="260"><subfield code="a">Bucuresti, Of.De Documentare Energetica, 1970. 63 P</subfield></datafield><datafield ind1=" " ind2=" " tag="490"><subfield code="a">Studii Documentare. Termoenergetica Se Energetica Nucleara</subfield></datafield><datafield ind1=" " ind2=" " tag="852"><subfield code="a">33847</subfield></datafield></record></collection>